<record><leader>00000cas a2200000 a 4500</leader><controlfield tag="001">17243228</controlfield><controlfield tag="008">871215d19762013wauwr ne      0   a0eng d</controlfield><datafield ind1=" " ind2=" " tag="010"><subfield code="a">sn 87093336 </subfield></datafield><datafield ind1=" " ind2=" " tag="040"><subfield code="a">SLZ</subfield><subfield code="b">eng</subfield><subfield code="c">SLZ</subfield><subfield code="d">OCL</subfield><subfield code="d">NSD</subfield><subfield code="d">OCLCQ</subfield><subfield code="d">WAU</subfield><subfield code="d">OCLCQ</subfield><subfield code="d">OCLCA</subfield><subfield code="d">DLC</subfield><subfield code="d">WAU</subfield><subfield code="d">OCLCA</subfield><subfield code="d">OCLCF</subfield><subfield code="d">OCLCA</subfield></datafield><datafield ind1=" " ind2=" " tag="012"><subfield code="l">1</subfield></datafield><datafield ind1="1" ind2=" " tag="022"><subfield code="a">1535-914X</subfield><subfield code="l">1535-914X</subfield><subfield code="2">1</subfield></datafield><datafield ind1="1" ind2=" " tag="029"><subfield code="a">AU@</subfield><subfield code="b">000025786451</subfield></datafield><datafield ind1=" " ind2=" " tag="042"><subfield code="a">msc</subfield><subfield code="a">nsdp</subfield></datafield><datafield ind1=" " ind2=" " tag="043"><subfield code="a">n-us-wa</subfield></datafield><datafield ind1="0" ind2=" " tag="130"><subfield code="a">Ballard news-tribune (Seattle, Wash. : 1976)</subfield></datafield><datafield ind1=" " ind2="0" tag="222"><subfield code="a">Ballard news-tribune</subfield><subfield code="b">(Seattle, Wash. 1976)</subfield></datafield><datafield ind1="1" ind2="0" tag="245"><subfield code="a">Ballard news-tribune.</subfield></datafield><datafield ind1=" " ind2=" " tag="260"><subfield code="a">Seattle, Wash. :</subfield><subfield code="b">Ballard News-Tribune</subfield></datafield><datafield ind1=" " ind2=" " tag="300"><subfield code="a">v. :</subfield><subfield code="b">ill.</subfield></datafield><datafield ind1=" " ind2=" " tag="310"><subfield code="a">Weekly</subfield></datafield><datafield ind1="0" ind2=" " tag="362"><subfield code="a">Vol. 87, no. 21 (May 19, 1976)-v. 121, no. 35 (Aug. 30, 2013).</subfield></datafield><datafield ind1=" " ind2=" " tag="580"><subfield code="a">Merged with: West Seattle Herald/White Center news, and Highland Times to form: Westside weekly.</subfield></datafield><datafield ind1=" " ind2="0" tag="651"><subfield code="a">Ballard (Seattle, Wash.)</subfield><subfield code="v">Newspapers.</subfield></datafield><datafield ind1=" " ind2="0" tag="651"><subfield code="a">Seattle (Wash.)</subfield><subfield code="v">Newspapers.</subfield></datafield><datafield ind1=" " ind2="7" tag="655"><subfield code="a">Newspapers.</subfield><subfield code="2">fast</subfield><subfield code="0">(OCoLC)fst01423814</subfield></datafield><datafield ind1=" " ind2="7" tag="651"><subfield code="a">Washington (State)</subfield><subfield code="z">Seattle.</subfield><subfield code="2">fast</subfield><subfield code="0">(OCoLC)fst01204940</subfield></datafield><datafield ind1=" " ind2="7" tag="651"><subfield code="a">Washington (State)</subfield><subfield code="z">Seattle</subfield><subfield code="z">Ballard.</subfield><subfield code="2">fast</subfield><subfield code="0">(OCoLC)fst01316070</subfield></datafield><datafield ind1=" " ind2=" " tag="752"><subfield code="a">United States</subfield><subfield code="b">Washington</subfield><subfield code="c">King</subfield><subfield code="d">Seattle.</subfield></datafield><datafield ind1="1" ind2=" " tag="776"><subfield code="c">Microfilm</subfield><subfield code="d">University of Washington Libraries</subfield><subfield code="w">(DLC)  2002252146</subfield><subfield code="w">(OCoLC)42984854</subfield></datafield><datafield ind1="0" ind2="0" tag="780"><subfield code="t">Ballard news tribune today</subfield><subfield code="w">(DLC)sn 87093335</subfield></datafield><datafield ind1="0" ind2="5" tag="780"><subfield code="t">Ballard voice (Seattle, Wash. : 1976)</subfield><subfield code="g">Aug. 3, 1977</subfield><subfield code="w">(DLC)sn 87093332</subfield><subfield code="w">(OCoLC)17243132</subfield></datafield><datafield ind1="1" ind2="7" tag="785"><subfield code="t">West Seattle herald/White Center news</subfield><subfield code="x">2160-3642</subfield><subfield code="w">(DLC)  2009252740</subfield><subfield code="w">(OCoLC)304627581</subfield></datafield><datafield ind1="1" ind2="7" tag="785"><subfield code="t">Highline times (Burien, Wash. : 1998)</subfield><subfield code="w">(OCoLC)44268407</subfield></datafield><datafield ind1="1" ind2="7" tag="785"><subfield code="t">Westside weekly (Seattle, Wash.)</subfield><subfield code="x">2331-2785</subfield><subfield code="w">(DLC)  2013273515</subfield><subfield code="w">(OCoLC)857768519</subfield></datafield></record>